2853 3547
1202 198 1268 206 -
1358 168 1427 217 12
1512 199 1580 207 -
1666 135 1671 140 ’

211 287 309 346 tota
346 297 492 344 fuisse
530 292 716 343 videtur
759 295 809 341 in
849 292 951 341 hoc
985 309 1167 340 morum
1211 307 1381 357 genere
1422 288 1748 340 describendo.
1837 291 1925 341 Ne*
1955 298 2139 357 autem,
2174 298 2297 343 *cum
2327 295 2556 358 Baitero,

209 400 443 466 quendam
477 416 504 452 e
538 400 700 449 Plauti
731 399 948 464 parasitis
980 398 1173 462 proprio
1207 367 1394 443 nomine
1416 396 1719 444 Dossennum
1753 397 1929 446 dictum
1955 405 2152 462 statuas,
2196 408 2357 465 vetat,
2379 407 2564 468 practer

207 510 492 552 structuram
528 502 748 552 orationis
762 535 777 563 ,
829 500 1011 550 diversa
1056 499 1269 565 palliatae
1309 507 1357 548 et
1393 483 1644 568 Atellanae
1679 502 1813 569 origo
1850 508 1897 552 et
1937 501 2164 552 condicio
2184 510 2236 553 et
2267 504 2564 571 antiquorum

206 608 257 654 in
301 606 531 654 servanda
579 607 805 671 peculiari
853 609 968 655 artis
1022 607 1248 673 cuiusque
1299 604 1448 651 forma
1500 606 1780 653 constantia.
1886 605 2116 655 Poterant
2157 607 2374 672 quidem,
2436 604 2591 672 quod*

207 709 440 775 Horatius
486 711 817 777 reprehendit,
888 709 1147 778 Atellanici
1198 725 1350 758 mores
1401 708 1636 758 introduci
1683 709 1733 756 in
1782 707 2019 774 palliatam
2037 692 2076 758 :s
2111 710 2194 761 sed
2240 710 2564 761 abstinendum
2599 691 2603 694 Δ

208 821 365 863 tamen
390 823 488 863 erat
518 817 566 863 in
603 809 792 880 palliata
817 791 880 862 ab
904 812 1187 862 Atellanieis
1220 814 1432 877 personis
1462 821 1509 862 et
1543 805 1826 862 nominibus.
1901 813 2068 889 Itaque
2086 815 2315 865 Horatius
2345 814 2562 865 consulto

137 926 148 934 “
208 923 465 986 parasitum
508 923 630 970 inter
675 922 924 970 Plautinas
970 937 1194 986 personas
1241 927 1448 967 extremo
1494 919 1628 980 loco,
1695 921 1777 985 qui
1818 921 1866 968 iu
1907 921 2178 988 gradatione
2219 906 2432 971 'summus
2451 978 2453 980 ,
2474 930 2562 984 est,

207 1013 367 1090 ponii,
418 1026 547 1092 quod
589 1029 640 1074 in
675 1045 732 1075 eo
774 1026 960 1073 illarum
1006 1023 1273 1083 fabularum
1316 1023 1481 1070 vitium
1522 1022 1952 1073 manifestissimum
1991 1033 2079 1074 est.
2147 1007 2276 1087 ‘Quo
2315 1025 2440 1074 facto
2475 1026 2567 1073 iam

210 1129 270 1178 de
320 1130 539 1179 omnibus
586 1131 747 1179 Plauti
800 1130 1014 1195 personis
1071 1127 1295 1175 iudicium
1354 1125 1531 1187 fertur,
1606 1131 1701 1175 'non
1753 1127 1974 1177 adstricto
2020 1143 2160 1178 socco
2209 1146 2287 1178 eas
2336 1129 2569 1196 pulpitum

208 1251 510 1299 perennem,
571 1235 621 1283 id
668 1243 769 1296 est,
833 1242 987 1282 certos
1031 1232 1177 1292 fines,
1239 1232 1360 1277 iutra
1412 1246 1531 1294 quos
1576 1247 1790 1296 quaeque
1834 1249 2034 1298 persona
2080 1233 2339 1282 coercenda
2382 1235 2471 1295 sit,
2506 1241 2569 1290 ,et

210 1341 368 1386 tenuia
412 1358 596 1388 morum
645 1349 690 1387 et
742 1341 1037 1405 ingeniorum
1085 1336 1353 1383 discrimina
1398 1352 1565 1398 parum
1614 1334 1869 1384 observari.
1977 1336 2126 1385 Cuius
2169 1337 2475 1403 negligentiae
2522 1344 2568 1383 et

208 1443 451 1492 socordiae
502 1461 720 1494 veramne
775 1459 967 1491 eausam
1018 1441 1248 1489 Horatius
1302 1440 1352 1486 in
1409 1439 1584 1487 ultimis
1629 1411 1872 1516 versibus,
1942 1459 2064 1507 quos
2117 1459 2260 1507 supra
2305 1423 2578 1508 posuimus,-

209 1549 472 1611 aperuerit,
525 1548 670 1596 huius
712 1547 805 1596 loci
849 1538 946 1596 non
986 1554 1057 1595 est
1101 1562 1354 1611 quaerere:
1412 1544 1495 1592 sed
1535 1544 1716 1594 iuvabit
1753 1546 1804 1594 iu
1840 1545 1935 1595 fine
1968 1562 2070 1595 eam
2110 1552 2332 1596 versuum
2369 1543 2567 1594 formam

198 1667 477 1714 apponere,
526 1670 668 1716 quam
708 1653 991 1715 disputando
1032 1652 1216 1700 efficere
1264 1651 1563 1700 studuimus:
1725 1702 1729 1706 ,
2370 1621 2375 1626 -

1444 1755 1654 1816 Aspice,
1699 1757 1908 1806 Plautus

674 1859 782 1919 Quo
821 1866 965 1922 pacto
1007 1860 1163 1921 partis
1203 1865 1378 1903 tutetur
1417 1858 1621 1904 amantis
1664 1849 1862 1921 ephebi,

674 1961 743 2007 Ut
780 1961 937 2023 patris
979 1960 1176 2017 attenti,
1232 1958 1415 2005 lenonis
1458 1965 1510 2005 ul
1548 1960 1794 2020 insidiosi,

673 2062 891 2124 Quantus
933 2065 996 2111 sit
1039 2065 1298 2110 dossennus
1341 2064 1564 2111 edacibus
1606 2066 1656 2112 in
1694 2067 1949 2130 parasitis,

673 2167 830 2227 Quam
869 2186 966 2214 non
1006 2170 1235 2215 adstricto
1277 2177 1531 2232 percurrat
1568 2169 1761 2233 pulpita
1804 2188 1942 2218 socco
1962 2189 1975 2215 .-

669 2271 826 2321 Gestit
872 2273 996 2321 enim
1040 2280 1133 2321 etc.

402 2375 681 2441 Imperfecta
710 2384 864 2426 tamen
897 2380 1237 2446 relinqueretur
1263 2379 1378 2430 haec
1406 2380 1674 2447 disputatio,
1714 2383 1804 2431 nisi
1833 2382 2112 2433 Dossennus
2141 2363 2297 2448 poiita,
2331 2400 2470 2449 quem
2502 2401 2560 2433 ex

204 2480 397 2528 Horatii
431 2483 626 2547 epistola
653 2485 1019 2560 exturbavimus,
1059 2490 1141 2554 qui
1174 2488 1315 2536 homo
1344 2489 1485 2535 fuerit
1519 2498 1565 2535 et
1589 2489 1823 2554 quomodo
1850 2491 1900 2537 in
1933 2491 2199 2538 societatem
2228 2491 2328 2537 eius
2355 2490 2558 2536 nominis

205 2589 391 2637 venisse
425 2589 665 2651 videatur,
713 2593 944 2655 explicare
983 2584 1275 2641 conaremur.
1371 2593 1470 2653 Qui
1502 2593 1602 2641 fieri
1631 2595 1861 2658 potuerit,
1918 2602 1971 2643 ut
1986 2586 2093 2642 'hoc
2121 2592 2415 2643 Atellanicae
2453 2610 2557 2658 per-

203 2710 347 2741 sonae
382 2711 551 2742 nomen
585 2705 818 2745 certorum
859 2698 1102 2747 hominum
1133 2700 1263 2748 fieret
1305 2718 1564 2766 cognomen
1605 2701 1863 2767 (habemus
1897 2709 2051 2748 autem
2085 2707 2268 2765 praeter
2301 2699 2428 2748 hunc
2463 2700 2562 2770 Fag

203 2798 335 2847 bium
365 2800 666 2849 Dossennum
702 2805 839 2851 etiam
869 2803 1079 2854 Rubrios
1110 2806 1387 2856 Dossennos
1424 2809 1473 2854 in
1506 2810 1659 2857 numis
1692 2808 1971 2857 familiarum
2005 2824 2125 2874 quos
2160 2806 2379 2875 voeant):
2420 2807 2557 2857 facile

203 2914 273 2956 est
306 2910 574 2958 coniectura
607 2913 810 2976 assequi.
882 2911 1130 2962 Atellanae
1167 2916 1289 2963 enim
1328 2913 1513 2964 fabulae
1549 2933 1656 2964 eum
1687 2915 1965 2966 domesticae
1993 2922 2175 2978 essent,
2231 2930 2327 2963 non
2362 2931 2554 2981 peregre

201 3015 395 3077 accitae,
438 3034 465 3063 a
502 3016 684 3065 civibus
713 3019 940 3067 Romanis
975 3020 1253 3089 agebantur,
1297 3022 1355 3070 ab
1386 3025 1512 3071 omni
1545 3029 1653 3070 nota
1684 3020 1861 3085 liberis,
1901 3020 2071 3087 quibus
2098 3019 2385 3069 Graecarum
2414 3020 2548 3068 fabu-

199 3122 352 3172 larum
394 3122 642 3175 histriones
687 3134 734 3176 et
776 3128 904 3177 mimi
939 3128 1300 3197 infamabantur.
1386 3131 1450 3182 V.
1497 3131 1607 3180 Liv.
1647 3130 1766 3192 VII,
1803 3127 1860 3177 2.
1907 3128 2068 3179 Valer.
2117 3127 2260 3179 Max..
2290 3128 2361 3191 11,
2398 3126 2452 3190 4,
2488 3127 2541 3176 4.
