2853 3547
1240 73 1617 124 ..6.-

249 198 411 264 lepore
443 214 530 249 suo
558 195 750 245 condire
783 202 831 244 et
864 197 1074 244 iocorum
1117 190 1312 255 effusam
1344 193 1596 243 licentiam·
1624 194 1889 244 immiscere
1921 198 2100 265 possit,
2142 196 2226 248 sed
2258 198 2417 263 paullo
2461 197 2603 247 hein-

249 305 416 359 tioeem
448 320 555 352 cum
599 318 704 350 esse
748 300 810 349 ad
856 300 1087 351 occultam
1130 299 1261 347 illam
1295 300 1391 347 vim
1426 278 1682 361 comicam',
1713 309 1859 364 'quae
1894 269 2001 348 vnon
2031 268 2094 347 iii
2116 296 2313 368 singulis
2343 298 2524 354 leuibus
2545 308 2606 363 ,et

249 408 447 466 facetiis,
477 405 562 456 sed
582 407 632 455 in
657 407 871 457 universa
892 424 1199 472 personarum
1227 406 1593 454 conformatione
1622 406 1853 453 cernitur:
1893 422 1990 454 non
2015 422 2102 454 suo
2127 407 2315 474 quidem
2339 405 2424 457 8εᾶ
2445 405 2606 474 populi

249 520 296 562 et
328 511 505 560 saeculi
535 512 665 558 vitio.
738 510 905 575 Itaque
937 509 1076 557 facile
1105 516 1177 558 cst
1205 509 1266 556 ad
1303 509 1616 574 credendum,
1655 510 1879 561 Plautum
1912 509 1973 559 ab
2001 511 2228 575 Horatio,
2268 514 2351 580 qui
2384 480 2458 582 (in
2485 510 2606 562 Arte

248 618 432 683 poctica
465 634 514 663 v.
533 614 689 681 270.)
720 633 940 665 numeros
975 617 1076 664 eius
1106 624 1152 664 ct
1181 615 1302 666 sales
1335 619 1463 667 omni
1497 617 1635 665 laude
1667 616 1887 683 indignos
1917 616 2087 680 habet,
2131 618 2277 667 'etiam
2310 620 2361 667 in
2393 620 2607 685 personis

251 722 564 774 sustentandis
606 724 944 769 inconstantiae
983 730 1029 769 et
1062 722 1371 787 negligentiae
1403 723 1556 788 argui.
1640 718 1713 769 At
1738 736 1850 769 vero
1878 720 1956 782 id,
2003 721 2045 768 si
2078 721 2179 771 iure
2210 721 2413 787 quodam
2444 721 2603 783 fiebat,

247 831 318 877 sic
370 827 557 893 quidem
600 825 703 873 fieri
748 816 842 873 non
887 830 1094 890 poterat,
1152 831 1205 872 ut
1250 825 1464 889 aspicere
1486 830 1690 880 -tantum
1738 831 1873 890 po'eta
1921 836 2009 873 nos
2052 823 2262 887 iuberet,
2329 796 2422 892 quo
2464 829 2607 890 paeto

207 956 210 958 v
248 932 451 979 Plautus
481 909 710 994 personas
742 945 851 976 suas
888 936 1065 976 tutatus
1099 936 1247 977 esset.-
1301 946 1409 976 nam
1439 901 1620 977 etiamsi
1656 926 1775 976 haec
1809 928 1985 976 ironice
2012 926 2137 976 dieta
2169 944 2275 976 esse
2310 943 2492 989 sumas,
2539 928 2608 975 ni-

248 1033 318 1082 hil
351 1039 506 1084 ffleu
536 1032 593 1080 iis
624 1032 761 1080 inerit
785 1040 970 1095 praeter
996 1034 1180 1079 inanem
1207 1033 1442 1096 quandam
1474 1041 1520 1079 et
1548 1033 1887 1080 infructuosam
1918 1034 2196 1081 irrisionem.
2268 1030 2430 1080 Huius
2456 1038 2608 1082 autem
2640 1004 2646 1009 ἠ

247 1139 342 1189 loci
375 1147 475 1188 erat
509 1138 779 1200 ostendere,
817 1137 931 1203 quid
963 1139 1014 1185 in
1044 1145 1142 1187 arte
1178 1139 1357 1187 comica
1390 1139 1579 1204 assequi
1612 1139 1813 1190 Plautus
1847 1156 1943 1190 non
1976 1139 2204 1211 valuerit,
2236 1146 2289 1189 ut
2325 1137 2609 1204 intelligatur

247 1262 389 1312 quam
436 1243 634 1291 arduum
679 1260 799 1307 opus
837 1245 897 1292 sit
931 1244 1154 1309 persecta—
1180 1245 1437 1295 comoedia.
1526 1245 1626 1295 Sed
1667 1246 1726 1294 de
1760 1246 1850 1294 hac
1886 1263 1938 1294 re
1974 1218 2205 1294 Horatius
2251 1243 2384 1292 nihil.
2476 1218 2608 1292 Idem

248 1356 439 1407 contra,
476 1349 595 1393 mira
630 1347 833 1410 quadam
867 1349 1221 1414 inaequalitate,
1264 1358 1514 1416 postquam
1549 1351 1774 1400 Plautum
1806 1335 2008 1399 ohscuro
2034 1347 2116 1398 illo
2146 1355 2193 1397 et
2219 1345 2441 1412 ambiguo
2470 1343 2609 1395 modo

250 1454 455 1514 notavit,
503 1453 781 1500 Dossennus
823 1452 1016 1517 quidam
1051 1453 1173 1519 quid
1214 1455 1264 1502 in
1309 1450 1498 1520 parasiti
1541 1470 1742 1520 persona
1778 1458 1944 1517 peccet
1976 1459 2024 1502 et
2058 1470 2144 1502 cur
2176 1452 2226 1500 id
2255 1459 2420 1517 peccet
2431 1482 2457 1513 ,.
2505 1449 2607 1497 dili·

246 1565 411 1625 genter
440 1564 487 1605 et
518 1563 736 1604 accurate
771 1558 977 1621 exponit.
1051 1557 1354 1623 Hacpropter
1386 1528 1816 1619 Wielandius,
1854 1559 1935 1623 qui
1969 1539 2279 1623 plurimorum
2308 1557 2610 1622 interpretum

248 1662 307 1710 de
337 1661 430 1710 hoc
479 1662 585 1709 loco
633 1664 911 1710 sententiam
945 1660 1242 1711 Germanicis
1289 1663 1502 1712 versibus
1539 1665 1649 1711 satis
1685 1663 1811 1711 clare
1846 1665 2097 1727 expressit,
2147 1662 2326 1710 abiecta
2362 1663 2490 1734 omni
2518 1662 2609 1707 iro-

244 1749 349 1815 niae
379 1764 462 1824 *vel
495 1763 811 1828 ambiguitatis
843 1764 1026 1827 specie,
1064 1763 1265 1813 rudibus
1293 1765 1576 1831 quibusdam
1611 1768 1693 1815 sed
1728 1769 1902 1834 apertis
1940 1767 2097 1826 verbis
2131 1766 2333 1827 indicat,
2367 1737 2483 1830 quid
2512 1764 2612 1811 vitii

245 1865 447 1918 Plautus
479 1867 725 1915 admisisse
761 1866 974 1913 videatur
997 1864 1068 1931 *):
1128 1866 1212 1911 sed
1252 1865 1369 1912 haec
1403 1868 1598 1912 nimium
1645 1876 1872 1930 quantum
1918 1867 2093 1931 distant
2132 1865 2191 1914 ab
2213 1866 2465 1916 Horatiani
2497 1866 2608 1925 loci,

245 1974 407 2020 neseio
436 1972 606 2031 dicam,
642 1970 853 2016 modesta
879 1969 1172 2035 simplicitate
1198 1976 1258 2016 an
1285 1987 1471 2019 moroso
1498 1971 1767 2038 supercilio.
1842 1971 1908 2022 Et
1936 1969 2028 2021 hoc
2053 1969 2104 2020 in
2130 1984 2271 2020 causa
2298 1967 2448 2019 fuisse
2475 1973 2609 2033 puto,

246 2094 333 2124 cnr
358 2080 394 2124 ii
423 2079 512 2124 viri
540 2077 684 2138 docti,
725 2076 807 2142 qui
833 2074 1061 2124 Plautum
1089 2073 1367 2125 abfloratii
1397 2074 1759 2153 reprehensione
1791 2073 2039 2126 defendere
2068 2058 2366 2135 studuerunt,
2401 2082 2613 2122 nostrum

245 2181 405 2230 locum
439 2181 628 2229 nonnisi
659 2197 766 2228 raro
794 2187 839 2228 et
875 2181 1010 2244 quasi
1040 2181 1173 2228 inviti
1204 2188 1474 2247 tangerent,
1520 2183 1808 2250 ambigentes
1839 2183 2019 2232 scilicet
2053 2190 2099 2231 et
2129 2182 2321 2244 incerti,
2360 2178 2474 2246 quid
2508 2178 2610 2227 Ho-

403 2375 439 2432 ‘)
475 2374 551 2416 Sic
590 2373 708 2414 enim
748 2375 868 2416 hunc
906 2374 1054 2417 locum
1095 2375 1271 2419 redditz

1205 2471 1353 2517 Unsre
1391 2471 1581 2515 Dichter
1618 2471 1848 2514 nehmen’s

478 2578 576 2606 nun
601 2561 806 2619 freylt'clz
844 2562 970 2607 nicht
999 2580 1048 2607 so
1085 2565 1257 2623 scliarf.
1330 2567 1448 2607 Man
1485 2567 1590 2608 selae
1625 2582 1742 2618 nur,

476 2657 558 2697 mit
593 2646 806 2699 welclfem
843 2658 1013 2717 qroben
1050 2661 1210 2703 Pinsel
1247 2662 1442 2704 Plautus
1483 2662 1617 2705 einen
1645 2661 1828 2719 junqen

479 2749 763 2803 Verliebten,
810 2752 943 2793 einen
984 2750 1163 2803 Schelm
1204 2769 1291 2797 von
1332 2753 1559 2812 Ruppler,
1612 2753 1719 2796 oder
1756 2755 1890 2797 einen

477 2831 789 2885 misstrauiseh'
824 2845 1092 2889 sel-wacken
1132 2848 1305 2906 karqen
1345 2848 1485 2890 Alten
1525 2847 1758 2890 sudelt?

481 2934 610 2977 Was
634 2937 728 2993 fiir
766 2941 840 2979 ein
876 2940 1065 2984 Meister
1104 2944 1154 2984 in
1191 2965 1249 2977 —-
1285 2942 1578 3002 qefriissiqem
1619 2940 1946 2986 Sel-maranen

479 3029 747 3074 Dossennus
786 3032 847 3075 ist
858 3031 879 3074 2
