2853 3547
1221 91 1603 143 ...10—

232 220 505 272 sententiam
539 215 792 268 defendere
820 216 976 267 studet
999 215 1272 267 Schoberus
1304 214 1365 263 de
1388 213 1625 264 Atellanis
1659 232 1710 282 p.
1727 171 1818 266 ὠ.
1844 216 1990 285 ὃδὴ
2006 213 2044 260 *l
2066 220 2214 274 Nunc
2251 236 2359 270 cum
2391 219 2581 272 dosseni

231 327 379 376 forma
422 332 471 374 et
514 325 696 390 species
720 324 1013 375 lineamentis
1048 321 1257 387 undique
1288 306 1524 371 arcessitis
1567 327 1614 370 et
1646 323 1933 388 compositis
1950 324 2067 373 ustis
2105 322 2336 378 illustrata
2370 291 2473 377 esse
2501 316 2582 377 'vi'-

229 430 422 480 deatur:
461 447 611 478 unum
640 436 784 477 restat
815 427 875 476 de
908 443 1006 493 quo
1038 427 1199 492 quaeri
1234 428 1410 492 possit,
1446 427 1604 491 ipsum
1637 414 1826 477 nomen.
1895 426 1995 477 sed
2029 425 2122 478 boc
2156 446 2265 480 cum
2289 448 2317 479 a
2351 421 2584 499 manduco

226 538 293 585 ita
328 534 514 583 differre
545 534 776 594 videatur,
812 539 868 581 ut
899 531 1159 580 manducus
1192 547 1251 579 ex
1274 529 1465 592 Latina,
1506 528 1735 599 dossenus
1766 548 1825 581 ex
1844 529 1977 580 Osca
1990 531 2164 599 lingua
2190 505 2384 585 ductum
2416 535 2576 599 fuerit,

227 640 362 687 cuius
397 638 596 687 vocibus
621 636 872 686 Atellanae
899 625 1098 683 fabellae
1130 642 1221 682 tam
1249 634 1447 682 refertae
1477 640 1627 695 erant,
1655 641 1723 682 ut
1744 633 1920 684 Strabo
1951 605 2032 683 eds
2063 641 2189 701 totas
2209 636 2343 688 Osco
2365 638 2580 688 sermone

226 745 509 810 compositas
543 743 687 791 fuisse
733 740 824 789 sibi
862 737 1142 806 persuadere
1175 746 1371 803 posset:
1425 754 1590 800 vereor
1634 754 1695 786 ne
1738 738 2016 786 temerarius
2050 738 2252 808 habear,
2301 742 2384 807 qui
2426 746 2579 808 etyma

223 826 393 894 rocum
426 864 484 894 ex
511 849 751 912 incognita
779 845 917 910 plane
951 844 1112 909 lingua
1147 843 1377 906 expiscari
1395 859 1570 912 coner.
1653 840 1879 892 Attamen
1913 843 2150 894 Oscorum
2168 817 2348 912 'lingua
2383 864 2477 895 non
2508 848 2578 895 sic

221 950 462 1016 incognita
508 950 644 999 nobis
690 956 789 1011 est,
838 956 891 997 ut
928 948 987 997 de
1017 964 1196 996 summa
1232 948 1354 994 inter
1387 946 1511 993 hanc
1545 953 1591 994 et
1625 947 1844 1013 Latinam
1878 948 2087 1015 linguam
2120 945 2343 999 affinitate
2377 949 2578 998 dubitari

221 1055 396 1117 possit:
436 1063 485 1102 et
510 1073 596 1120 per
625 1054 866 1120 vulgarem
893 1052 1121 1101 Italorum
1147 1048 1408 1099 sermonem
1437 1050 1583 1100 multa
1608 1050 1837 1100 *cabula
1867 1054 2032 1117 sparsa
2059 1061 2208 1116 erant,
2244 1071 2365 1120 quae
2392 1072 2420 1103 a
2443 1054 2578 1103 'Lati-

221 1158 383 1220 nitate,
416 1174 538 1224 quae
560 1160 749 1225 proprie
773 1158 962 1220 dicitur,
998 1151 1148 1206 aliena
1168 1156 1228 1203 ad
1253 1158 1457 1223 origines
1480 1156 1634 1206 Oscas
1659 1161 1869 1208 revocari
1894 1158 2084 1209 debent.
2157 1161 2217 1228 In
2244 1159 2412 1209 horum
2439 1177 2579 1208 voca·

220 1260 441 1310 bulorum
483 1281 680 1312 numero
717 1280 818 1323 esse
853 1270 967 1327 puto
1008 1260 1364 1326 appellationem
1401 1261 1554 1310 dosini
1591 1264 1728 1327 equi,
1770 1265 1853 1329 qui
1891 1282 1951 1313 ex
1987 1256 2367 1330 interpretatione
2403 1263 2576 1312 Isidori

218 1364 414 1433 (Origg.
436 1367 561 1430 XII,
585 1365 634 1429 1,
661 1364 781 1434 54.)
813 1367 969 1414 dictus
994 1373 1083 1426 est,
1120 1367 1251 1432 quod
1268 1367 1332 1413 sit
1358 1366 1494 1413 color
1525 1369 1625 1414 eius
1654 1370 1715 1416 de
1747 1371 1914 1417 asino.-
1951 1387 2010 1418 ex
2033 1387 2129 1436 quo
2157 1371 2339 1418 asinum
2356 1366 2574 1417 dosinum

217 1453 416 1520 similive
441 1474 628 1538 norfine
656 1471 940 1537 appellatum
968 1488 1072 1519 esse
1098 1471 1389 1536 intelligitur.
1461 1470 1603 1520 Asini
1627 1481 1799 1534 autem,
1837 1475 2052 1521 maximis
2077 1473 2212 1521 malis
2236 1480 2284 1521 et
2305 1472 2573 1538 ing-entibus

219 1576 437 1627 'dentibus
474 1579 672 1645 insignis
709 1585 755 1626 et
798 1579 957 1645 mag-ni
1001 1594 1139 1642 saepe
1186 1575 1493 1624 manduconis
1538 1545 1656 1642 (quo
1699 1576 1913 1625 convicio
1958 1565 2116 1625 asinus
2146 1573 2373 1641 Appuleii
2402 1553 2573 1648 'obiur-

216 1679 376 1748 gutur)
391 1715 409 1741 ,
466 1680 826 1745 appellationem
867 1696 896 1726 a
939 1681 1127 1726 rusticis
1166 1679 1437 1728 hominibus
1475 1682 1536 1728 ad
1572 1697 1818 1746 personam
1860 1681 1988 1729 illam
2022 1680 2209 1746 qualem
2241 1681 2573 1746 proposuimus

214 1780 486 1835 translatam
522 1802 656 1846 esse,
704 1785 910 1849 minime,
927 1782 1200 1831 incredibile
1235 1790 1321 1830 est.
1396 1782 1508 1847 Ipsa
1542 1787 1697 1828 autem
1725 1783 1870 1829 bestia
1908 1801 2075 1831 nomen
2107 1784 2332 1832 dossenni
2362 1785 2574 1849 accipere

216 1897 398 1955 poterat
440 1907 469 1937 a
516 1889 685 1951 dorso,
746 1895 878 1954 parte
917 1888 1128 1951 corporis
1176 1887 1224 1932 in
1273 1902 1328 1932 ea
1372 1886 1571 1933 maxime
1617 1885 1871 1949 conspicua
1913 1874 2066 1947 (unde
2103 1884 2230 1938 ὄνου
2255 1886 2404 1956 ῥάχις
2448 1889 2574 1953 apud

214 1991 585 2058 Archilochum)
605 1999 619 2039 ἑ
658 2009 779 2057 quae
804 1992 944 2038 etiam
964 1989 1154 2037 dossum
1176 1987 1419 2036 dicebatur
1449 1988 1517 2049 (v.
1535 1960 1701 2037 Velius
1719 1987 1919 2053 Longus
1955 2005 2004 2051 p.
2021 1985 2192 2046 2257.
2218 1989 2296 2038 cd.
2323 1990 2570 2055 Putsch),

212 2099 335 2145 sicut
377 2098 652 2145 dorsuarius
695 2096 998 2155 dossuarius,
1054 2104 1100 2143 et
1143 2096 1407 2158 sparsiones
1453 2095 1502 2140 in
1546 2093 1734 2141 duobus
1756 2093 1926 2144 ,titulis
1969 2095 2274 2159 Pompeianis
2320 2094 2466 2159 (apud
2501 2094 2567 2142 G'.

212 2197 448 2260 Gellium,
501 2199 719 2262 Pompei.
765 2215 916 2246 novae
954 2215 1046 2245 ser.
1096 2198 1160 2244 T.
1183 2198 1228 2245 1.
1274 2215 1324 2262 p.
1346 2196 1467 2262 95.)
1508 2199 1803 2262 spassiones,
1862 2205 1911 2245 et
1955 2198 2102 2255 multa
2146 2198 2399 2260 eiusmodi,
2452 2215 2571 2263 quae

210 2302 463 2352 verborum
502 2304 770 2353 formationi
808 2304 932 2370 apud
973 2305 1215 2353 Romanos
1252 2307 1509 2370 antiquitus
1546 2304 1864 2354 inhaeserunt.
1948 2302 2250 2368 Quapropter
2290 2305 2429 2352 etiam
2473 2303 2569 2353 for-

210 2422 334 2455 mam
371 2396 661 2470 dorsennus,
714 2410 792 2457 cui
826 2410 1055 2460 Varronis
1104 2417 1153 2459 et
1183 2410 1327 2459 Nonii
1370 2429 1410 2460 s.
1437 2429 1485 2459 v.
1529 2409 1786 2476 publicitus
1828 2408 2012 2459 codices
2055 2406 2239 2468 favent,
2291 2424 2387 2456 non
2429 2407 2569 2473 plane

212 2512 569 2577 improbaverim
583 2546 600 2575 ,
661 2516 743 2563 sed
785 2533 888 2564 eam
932 2533 1013 2564 ore
1057 2517 1219 2581 populi
1264 2518 1314 2564 in
1353 2516 1540 2565 mollius
1586 2522 1811 2563 mutatam
1854 2521 1902 2561 et
1946 2530 1974 2559 a
2014 2511 2249 2577 plerisque
2288 2512 2569 2560 dossennum

210 2618 573 2682 pronunciatum
611 2637 714 2670 esse
756 2621 1015 2670 statuerim.
1102 2620 1292 2670 Horatii
1326 2628 1480 2669 autem
1519 2622 1572 2669 in
1612 2617 1955 2685 exemplaribus
1999 2633 2107 2665 cum
2148 2591 2373 2683 primum·
2392 2617 2566 2667 editum

209 2729 333 2773 esset
376 2722 688 2775 Dorsennus:
760 2744 887 2778 nunc
935 2745 993 2779 ex
1045 2708 1284 2778 codicibu⁸s
1339 2728 1437 2781 fere
1481 2728 1699 2779 omnibus
1746 2734 1871 2777 recte
1926 2726 2181 2793 repositum
2229 2741 2332 2774 esse
2384 2723 2566 2774 videtur

209 2830 503 2881 Dossennus.
2572 2803 2576 2809 Ι

434 2939 539 2987 Iam
572 2937 829 3004 disputatio
854 2908 916 2989 *eo
948 2936 1214 2990 revocanda
1247 2950 1343 3004 est,
1393 2943 1518 2993 unde
1556 2955 1918 3020 exorsustsum.
1990 2928 2317 2999 Dossennum,
2357 2939 2555 3000 ostendi,

209 3042 354 3091 fuisse
397 3060 567 3092 nomen
609 3061 866 3111 personae,
917 3047 1134 3096 omnibus
1169 3049 1424 3113 Romanis,
1470 3052 1608 3098 etiam
1650 3051 1711 3098 iis
1746 3051 1828 3117 qui
1864 3046 2073 3096 nondum
2116 3059 2224 3091 aere
2251 3041 2573 3116 lavabantur,
