2853 3547
1230 127 1299 140 -.
1400 98 1440 150 4
1543 128 1612 140 ...-

242 228 470 288 angustos
516 222 636 270 flues
679 238 732 270 se
777 224 1041 284 contineat,
1099 205 1241 287 atque
1284 222 1335 269 in
1373 223 1433 269 iis
1480 218 1731 310 generibus
1776 220 2093 313 subsistens,
2098 240 2317 290 quorum
2359 223 2591 276 Horatius

240 326 421 390 primus
472 325 571 375 fere
622 327 746 375 inter
797 329 1038 376 Romanos
1096 332 1259 373 auctor
1318 327 1559 408 extiterat,
1625 302 1962 383 dmmaticam
1978 332 2028 374 et
2081 319 2261 393 epicam
2313 328 2505 398 paedia,
2561 326 2615 376 a
2691 391 2697 395 ἡ

238 430 470 480 Romanis
513 439 642 488 tanto
684 433 776 479 iam
819 447 1043 479 successu
1087 429 1380 490 inchoatam,
1439 445 1525 477 suo
1565 427 1753 504 ingenio
1792 419 2004 479 excolere
2038 411 2271 481 fastidiat}
2323 434 2593 499 praesertim

239 534 290 581 in
326 540 454 582 tanta
489 541 752 600 temporum
791 534 1038 596 felicitate,
1083 542 1129 582 et
1163 551 1259 581 non
1291 541 1508 582 externae
1542 540 1723 582 tantum
1757 541 1806 583 et
1838 513 2103 597 fabulosae,
2147 535 2230 585 sed
2263 537 2404 587 etiam
2436 537 2594 587 dome-
2653 553 2656 556 ’

236 638 382 687 sticae
421 647 468 689 et
504 656 669 688 recens
703 647 864 705 partae
908 639 1084 705 gloriae
1124 639 1389 686 affluentia:
1486 639 1715 686 Horatius
1751 636 1956 701 contra,
1984 617 2070 705 qui
2106 639 2197 689 sibi
2238 658 2417 708 suoque
2455 645 2595 710 genio

240 744 380 794 unice
416 746 574 794 vivere
612 745 804 810 cupiens
839 744 993 793 officia
1035 744 1144 806 illa,
1194 760 1316 809 quae
1352 743 1444 791 sibi
1481 742 1876 809 iniungebantur,
1923 745 2144 795 omnibus
2184 747 2337 796 modis
2376 748 2598 817 defugere

240 863 401 896 secum
441 855 695 910 statuerat,
747 850 811 896 ita
849 866 899 895 se
932 855 1155 909 excusat,
1207 855 1260 896 ut
1300 849 1504 914 primum
1525 844 1661 896 --uiliil
1700 849 1794 896 nisi
1827 849 2077 915 'antiquum'
2110 850 2162 902 in
2202 852 2340 916 poesi
2362 851 2597 920 'populum

247 953 471 1004 admirari
506 955 785 1017 contendat,
836 956 1113 1021 nullumque
1158 928 1269 1025 Ροει.
1301 956 1510 1002 Ennium
1546 961 1592 1001 et
1623 954 1888 1002 Pacuvium
1932 962 2116 1020 poEtam
2151 957 2335 1022 epicum
2369 964 2417 1005 et
2450 948 2601 1006 sceui·

243 1072 353 1106 cum
394 1058 628 1108 Romanis
678 1060 866 1126 placere
916 1077 1059 1127 posse
1109 1044 1341 1127 signifleet
1400 1059 1480 1128 (v.
1513 1057 1543 1107 1
1566 1093 1578 1107 .
1603 1092 1615 1106 .
1640 1092 1654 1107 .
1677 1056 1803 1106 102.
1821 1057 1860 1125 ).
1971 1059 2086 1121 Quo
2125 1036 2461 1110 ‘excusationis
2495 1062 2602 1110 loco

241 1160 526 1223 Horatium,
572 1183 629 1212 ex
662 1164 820 1213 multis
855 1173 900 1213 et
930 1163 1155 1231 gravibus
1193 1164 1480 1229 argumentis
1514 1162 1767 1211 existimari
1800 1168 1984 1227 potest,
2029 1162 2247 1213 licentius
2280 1171 2326 1213 et
2358 1164 2634 1215 immodice·

241 1265 314 1312 uti
353 1263 431 1331 (ut
468 1264 887 1335 προφασιζόμενοι
932 1266 1146 1335 solent):
1210 1284 1478 1333 quanquam
1520 1267 1669 1316 fuisse
1710 1273 1812 1315 tum
1851 1267 2034 1316 Romae
2072 1267 2323 1316 factionem
2369 1267 2604 1334 quandam

242 1368 530 1417 literatorum
565 1370 807 1419 hominum
842 1374 1035 1437 antiqua
1072 1372 1174 1420 sola
1207 1370 1537 1435 probantium,
1583 1372 1719 1419 euius
1752 1359 1908 1420 sectae
1934 1389 2084 1437 usque
2113 1373 2174 1421 ad
2207 1373 2364 1422 Persii
2396 1380 2604 1438 tempora

243 1474 701 1542 vestigia'persequi
738 1477 850 1526 licet
890 1476 960 1544 (v.
995 1476 1100 1526 Sat.
1125 1477 1169 1525 1.
1219 1493 1268 1525 v.
1291 1475 1437 1544 76.),
1495 1476 1779 1526 Mansoni
1825 1476 1907 1544 (de
1947 1478 2152 1527 Horatio
2195 1478 2351 1526 iudice
2389 1480 2604 1543 antiquo-

245 1595 351 1625 rum
385 1564 657 1644 poetarum,
707 1583 757 1627 in
785 1582 991 1646 Scriptis
1024 1581 1333 1629 miscellaneis
1366 1600 1415 1645 p.
1437 1580 1567 1647 87.)
1594 1579 1893 1629 contendenti
1926 1578 2056 1629 haud
2087 1576 2304 1646 equidem
2338 1579 2597 1633 abnuerim.
2639 1616 2644 1621 -

242 1681 324 1734 Ae
353 1684 627 1747 Romanos,
675 1688 829 1752 pergit
861 1692 1028 1751 poeta,
1074 1687 1188 1735 olim
1221 1704 1250 1734 a
1280 1688 1409 1753 poesi
1444 1687 1779 1749 alienissimos,
1830 1702 1958 1733 nunc
1992 1702 2185 1746 omnes,
2233 1686 2396 1733 doctos
2430 1685 2603 1750 pariter

241 1794 386 1852 atque
429 1756 673 1847 indoctos,
738 1787 953 1835 versibus
1004 1790 1265 1836 scribendis
1310 1791 1531 1835 insudare
1548 1810 1561 1835 ε
1619 1808 1823 1851 cunque
1864 1788 2073 1836 furorem
2126 1795 2252 1836 certe
2293 1788 2469 1835 multis'
2502 1787 2605 1835 aliis

244 1893 453 1939 insaniae
486 1890 737 1957 generibus
769 1889 991 1938 leviorem
1025 1906 1113 1937 nec
1146 1890 1249 1937 sine
1279 1888 1484 1953 publicis
1520 1886 1777 1936 commodis
1807 1903 1908 1935 esse
1942 1888 2013 1953 (v.
2035 1888 2142 1936 103
2160 1923 2173 1936 .
2193 1924 2206 1936 .
2224 1925 2237 1936 .
2256 1888 2425 1956 iza).
2506 1891 2607 1938 Hic

243 1996 407 2059 loeus,
442 1971 445 1974 Ι
479 1999 594 2045 mire
640 1997 814 2043 mixtus
866 2003 915 2044 et
962 1996 1249 2060 compositus
1296 2011 1355 2042 ex
1406 1993 1613 2041 iucunda
1665 1990 1959 2041 cavillatione
2008 2000 2056 2042 et
2104 1993 2346 2059 praeclaro
2399 1993 2604 2062 quodam

243 2101 485 2167 diguitatis
527 2098 698 2161 sensu',
754 2099 1004 2165 dupliciter
1047 2098 1165 2145 facit
1207 2098 1268 2146 ad
1309 2098 1562 2146 Horatium
1603 2096 1952 2160 excusandum,
2006 2099 2182 2165 quippe
2223 2101 2306 2165 qui
2344 2118 2396 2164 se
2435 2099 2604 2149 nimiae

243 2208 611 2257 versificatorum
645 2210 810 2259 turbae
844 2210 1094 2258 immisceri
1126 2208 1280 2270 nolle,
1320 2225 1376 2257 ac
1406 2207 1547 2256 simul
1574 2206 1860 2273 reipublicae
1894 2178 2178 2255 carminibus
2212 2205 2310 2253 suis
2345 2202 2606 2272 (saeculare

242 2315 479 2380 significat
522 2336 569 2363 v.
595 2315 749 2383 132.)
801 2335 889 2381 pro
935 2314 1116 2364 viribus
1163 2317 1255 2362 iam
1303 2307 1538 2379 profuisse
1581 2313 1751 2361 innuit.
1871 2310 1991 2361 Mox
2036 2317 2201 2378 poeta,
2263 2327 2369 2358 cum
2415 2319 2604 2359 cursum

243 2417 574 2484 disputationis
611 2421 671 2476 ad
712 2422 947 2468 scenicam
990 2423 1155 2487 poesin
1202 2420 1370 2467 callide
1413 2420 1573 2480 flexit,
1625 2416 1865 2483 quomodo
1903 2435 1962 2465 ex
2005 2416 2195 2464 rusticis
2238 2400 2362 2462 ludis
2396 2415 2606 2479 iocisque

242 2523 382 2572 etiam
417 2525 538 2573 inter
572 2524 718 2574 Italos
755 2524 968 2574 homines
1012 2526 1255 2590 proprium
1294 2524 1486 2590 aliquod
1521 2523 1783 2572 dramatum
1819 2539 1969 2589 genus
2007 2521 2302 2587 provenerit,
2348 2526 2600 2587 ¹postquam

241 2632 429 2698 egregie
464 2631 826 2692 demonstravit,
871 2632 922 2679 in
954 2648 1096 2697 quam
1130 2633 1332 2695 speciem
1367 2630 1448 2678 illa
1483 2631 1652 2690 veteris
1687 2628 1851 2678 Italiae
1879 2644 2090 2694 propago
2125 2625 2321 2675 creverit
2334 2660 2353 2686 ,
2396 2633 2600 2687 enarrat,

242 2753 354 2785 cum
388 2734 600 2786 Graecae
641 2739 756 2786 artis
793 2739 986 2803 spiritus
1019 2754 1121 2786 eam
1152 2738 1370 2786 afflasset.
1457 2734 1620 2799 Atque
1654 2738 1704 2785 in
1739 2737 1930 2803 tragicis
1965 2705 2154 2800 quidem
2186 2734 2336 2798 poetis
2368 2731 2603 2780 imitandis

241 2842 359 2889 mire
394 2840 632 2907 placuisse
665 2842 755 2890 sibi
788 2843 1031 2893 Romanos
1041 2839 1067 2906 ,'
1113 2851 1277 2892 natura
1314 2842 1540 2892 sublimes
1572 2851 1619 2892 ct
1660 2818 1824 2904 acres,
1872 2839 2014 2890 modo
2060 2837 2170 2887 lima
2211 2839 2280 2887 uti
2314 2837 2600 2887 didicissent.
2632 2882 2635 2883 γ

243 2945 546 3009 Comoediam
587 2955 742 2998 autem
777 2948 963 2998 facilem
1001 2949 1238 3015 plerisque
1273 2958 1319 2998 et
1355 2949 1620 3015 expeditam
1657 2968 1757 2998 rem
1796 2949 1975 3009 videri,
2027 2946 2110 2996 sed
2143 2964 2245 2996 esse
2282 2962 2338 2995 eo
2372 2944 2601 2997 difficilio-

242 3071 341 3103 rem
355 3087 370 3115 ,
423 3054 553 3118 quod
593 3056 715 3104 vitae
759 3055 1056 3121 quotidianae
1097 3057 1345 3123 imaginem
1384 3059 1640 3126 exprimat,
1695 3059 1745 3106 in
1784 3074 1877 3124 qua
1918 3054 2047 3103 nulla
2087 3055 2149 3103 sit
2191 3053 2327 3102 venia
2364 3054 2602 3125 incuriae
2658 3131 2662 3133 .
