2853 3547
1243 142 1311 151 .-
1401 110 1473 160 14
1560 138 1629 150 ..-

259 240 486 296 Peritiam
530 237 791 303 Horatiani
819 235 931 302 styli
979 242 1027 283 et
1070 234 1246 300 ingenii
1293 232 1552 281 clarissima
1593 233 1932 284 Tui-nominis
1969 243 2272 307 monumenta
2306 245 2609 302 attestantur,

259 342 430 409 quibus
477 342 661 406 primus
709 346 955 388 accuratae
997 340 1102 386 eins
1139 343 1304 404 poetae
1343 337 1738 405 interpretationis
1781 341 1906 388 viam
1961 342 2229 392 univisti.
2288 343 2341 410 *in
2389 359 2483 409 qua
2529 359 2615 409 per

257 450 512 498 Sermones
567 456 615 495 et
662 447 903 512 Epistolas
956 444 1269 495 continuanda
1325 445 1590 493 etiamnunc
1639 460 1737 497 non
1790 443 2094 496 defetiseeris.
2206 446 2287 496 Ao
2332 446 2488 514 largis⁴
2519 447 2615 496 illis

259 540 681 611 racemationibus,
736 550 911 615 quibus
953 551 1034 599 Tu
1080 568 1176 599 non
1217 551 1309 598 nisi
1357 551 1694 598 maturissimas
1737 567 1852 619 uvas
1893 557 1940 599 et
1976 565 2096 618 quae
2130 551 2328 602 aliorum
2361 551 2614 613 vindemia·

258 665 413 705 torum
455 674 622 704 manus
666 656 921 723 fugerunt,
974 656 1213 722 decerpis,
1272 657 1395 705 hanc
1430 673 1580 705 meam
1615 655 1922 708 subacerbam
1956 634 2194 726 amplam-
2227 657 2427 709 adiicere
2472 674 2616 707 ausus

256 779 352 810 non
397 779 575 824 essem,
622 762 715 809 nisi
758 763 896 810 etiam
942 763 1220 827 aequitatem
1265 763 1450 825 Tuam,
1499 762 1591 813 vir
1633 760 1940 832 venerabilis,
1994 761 2218 813 diuturno
2250 779 2341 811 usu
2383 762 2614 827 cognitam

257 865 542 915 habuissem.
615 865 778 914 Pauca
815 864 957 914 verba
988 865 1170 927 dicam,
1216 866 1299 915 sed
1335 885 1393 915 ex
1432 867 1596 914 intimo
1626 883 1681 914 ea
1716 874 1904 931 pectore
1937 864 2120 914 hausta.
2201 864 2336 926 Quid
2361 882 2463 925 me,
2507 850 2614 911 cum
2675 909 2687 923 ‚

257 982 364 1019 ante
401 970 669 1036 quindecim
692 988 881 1025 annos,
930 972 1227 1019 Heerenii
1261 972 1466 1039 benigno
1508 971 1681 1021 iudicio
1724 949 2103 1032 commendatus,
2152 970 2205 1018 in
2237 968 2360 1019 hanc
2387 968 2616 1018 illustrem

255 1076 496 1123 literarum
548 1075 759 1124 scholam
809 1082 855 1123 et
903 1076 1191 1124 consortium
1236 1076 1618 1149 gravissimorum
1664 1092 1909 1124 munerum
1955 1082 2150 1128 vocatus
2183 1092 2374 1136 essem,
2439 1082 2491 1121 ut
2536 1074 2619 1121 cui·

251 1179 574 1227 adolescentes
611 1180 746 1226 annis
781 1178 879 1226 fere
914 1179 1132 1245 aequales
1167 1197 1261 1229 non
1297 1197 1356 1226 ex
1386 1179 1606 1228 cathedra
1637 1187 1819 1230 tautum
1855 1178 2081 1239 docendi,
2136 1178 2220 1227 sed
2258 1186 2446 1226 strenue
2484 1195 2614 1234 exer-

259 1282 396 1332 cendi
441 1292 487 1331 et
531 1284 631 1330 aeri
676 1282 923 1347 disciplina
975 1283 1247 1353 instituendi
1284 1292 1331 1330 et
1373 1284 1608 1331 interdum
1649 1287 1789 1333 etiam
1838 1284 2097 1352 castigandi
2139 1290 2322 1347 essent,
2390 1283 2504 1350 quid
2542 1298 2616 1332 me

257 1407 346 1437 usu
391 1398 438 1437 et
482 1391 765 1455 experientia
811 1389 1083 1438 destitutum
1126 1396 1172 1438 et
1216 1391 1351 1454 quasi
1382 1391 1447 1438 ‚in
1493 1390 1652 1439 limine
1695 1388 1969 1439 titubantem
2009 1397 2111 1438 tum
2150 1391 2296 1438 erexit
2336 1398 2383 1438 et
2415 1390 2619 1439 firmiore

254 1473 406 1560 gradu
451 1493 729 1555 collocavit,
780 1495 871 1543 nisi
910 1494 1045 1543 Tua
1086 1504 1133 1543 et
1161 1496 1270 1542 Dis
1285 1497 1434 1541 senii
1470 1497 1520 1540 in
1565 1470 1841 1542 adiuvandis
1881 1498 1997 1545 meis
2033 1494 2241 1541 consiliis
2290 1503 2338 1542 et
2371 1495 2619 1561 prudentia

253 1608 300 1648 et
347 1600 688 1648 benevolentia.
805 1601 943 1648 Haec
988 1601 1097 1648 Tua
1147 1598 1470 1648 benevolentia
1520 1606 1567 1647 et
1619 1601 1827 1666 aequitas
1877 1615 2119 1665 nunquam
2169 1568 2195 1648 e
2243 1600 2464 1648 memoria
2515 1615 2619 1648 mea

254 1700 491 1759 elabetur,
537 1707 582 1744 ct
627 1714 721 1760 qua
759 1697 929 1759 pietate
974 1703 1159 1747 constat
1192 1699 1267 1748 Te
1306 1702 1365 1748 ab
1406 1702 1631 1750 omnibus·
1672 1703 1793 1765 coli,
1819 1696 1823 1698 V
1854 1704 1937 1774 qui
1976 1704 2212 1750 seminarii
2261 1703 2407 1749 nostri
2444 1701 2621 1749 alumni

255 1812 499 1871 paternum
532 1801 694 1847 Tuum
747 1800 953 1846 animum
1004 1806 1050 1846 et
1092 1798 1331 1863 egregium
1380 1796 1500 1844 illud
1550 1791 1810 1844 severitatis
1862 1802 1910 1844 et
1962 1798 2331 1847 mansuetudinis
2389 1808 2619 1866 tempera-

257 1915 470 1957 mentum
505 1906 683 1971 experti
710 1912 838 1966 sunt,
877 1921 932 1952 ea
957 1921 1052 1952 non
1087 1903 1342 1962 minorem,
1378 1900 1535 1961 erede,
1574 1902 1625 1948 in
1659 1917 1781 1962 meo,
1820 1898 2044 1965 collegae,
2078 1908 2266 1964 pectore
2286 1904 2476 1953 infixam
2499 1924 2617 1955 esse.

485 2009 558 2058 At
616 2028 709 2058 non
764 2011 936 2075 privati
997 1992 1211 2070 officii,⁸
1241 2007 1323 2058 sed
1379 2006 1595 2072 publicae
1649 2006 1975 2073 gratulationis
2032 2022 2311 2072 praeconem
2355 2026 2429 2058 me
2486 2027 2623 2075 agere

259 2094 470 2183 oportet,
521 2115 736 2178 Tuisque
772 2114 821 2161 in
855 2113 1017 2187 Tuum
1056 2111 1282 2161 honorem
1316 2110 1500 2158 vicibus
1541 2110 1706 2176 fungi,
1754 2131 1902 2177 quae,
1949 2130 2057 2160 cum
2091 2115 2424 2163 Dissenius
2468 2111 2626 2166 n‘oster

264 2222 555 2287 iniquissima
590 2217 858 2265 valetudine
890 2216 1246 2281 prohiberetur,
1295 2215 1409 2263 mihi
1444 2215 1534 2263 hac
1569 2217 1618 2263 in
1652 2234 1704 2266 re
1732 2218 2055 2286 suscipiendae
2088 2226 2256 2281 erant..
2309 2218 2627 2271 GEORGIA

264 2323 631 2386 AUGUSTA‚
683 2341 802 2389 quae
837 2322 913 2370 his
950 2323 1086 2372 annis
1123 2322 1183 2371 ad
1220 2330 1389 2371 metam
1434 2323 1573 2387 primi
1616 2322 1791 2370 saeculi
1832 2323 1953 2371 vitae
1988 2341 2101 2372 suae
2135 2332 2332 2372 ventura
2373 2333 2471 2389 est,
2521 2334 2629 2391 post

266 2431 486 2483 undecim
531 2430 854 2497 professores,
914 2448 1033 2495 quos
1075 2437 1269 2497 propter
1326 2428 1569 2478 dimidium
1614 2427 1855 2478 saeculum
1906 2428 1955 2475 in
2003 2444 2059 2477 eo
2107 2431 2298 2476 mun'ere
2344 2406 2628 2478 transactum

267 2536 886 2599 salutavit,‘duodecimam
920 2537 1078 2585 Tuam
1112 2552 1239 2584 nunc
1271 2533 1477 2584 celebrat
1512 2526 2053 2602 πεντηκονταετηρίδα.
2124 2532 2478 2605 Quin-quaginta
2505 2536 2628 2582 enim

269 2641 381 2687 anni
416 2641 569 2687 exacti
605 2607 744 2702 sun‘t,
781 2658 841 2686 ex
875 2658 969 2705 quo
998 2638 1356 2689 GEORGIUS
1383 2641 1514 2702 111.,
1558 2658 1642 2689 rex
1676 2657 1836 2689 sacrae
1871 2641 2149 2702 memoriae,
2190 2656 2363 2687 munus
2389 2640 2630 2689 literarum

268 2747 566 2810 antiquarum
590 2747 638 2792 in
662 2745 752 2793 hac
777 2714 1078 2795 universitate
1104 2744 1293 2811 publice
1318 2746 1633 2797 docendarum
1658 2746 1707 2794 in
1731 2744 1806 2793 Te
1830 2743 2012 2806 detulit,
2048 2743 2147 2809 qui,
2183 2743 2332 2808 patria
2350 2742 2629 2811 Thuringus

270 2856 317 2899 et
352 2848 597 2921 Portepsis
634 2846 825 2898 scholae
860 2848 1107 2911 alumnus,
1148 2849 1381 2916 Heynii
1426 2854 1628 2900 maxime
1663 2852 1909 2919 disciplina
1955 2853 2150 2900 allectus
2192 2850 2272 2897 hic
2318 2850 2452 2898 sedes
2497 2851 2630 2900 Tuas

270 2955 456 3003 fixeras.
541 2956 621 3004 Ex
662 2973 716 3003 eo
764 2957 873 3004 inde
912 2965 1126 3027 ‘tempore
1170 2957 1399 3007 bonarum
1445 2959 1614 3008 artium
1657 2965 1934 3024 praeceptor
1977 2965 2051 3019 et,
2114 2974 2221 3005 eum
2248 2955 2531 3019 Heynius
2576 2974 2633 3004 eo

272 3074 467 3112 munere
511 3076 563 3111 se
609 3058 900 3124 abdicasset,
956 3063 1093 3112 etiam
1138 3059 1357 3125 publicus
1408 3065 1720 3129 universitatis
1766 3072 1951 3110 nostrae
1996 3072 2181 3124 orator,
2233 3068 2359 3106 totus
2398 3062 2540 3107 ¹fuisti
2583 3063 2634 3106 in
