2853 3547
230 264 325 329 hi}
351 277 523 329 schola
557 239 893 345 disciplina
898 321 923 338 Ι,
1019 328 1059 380 3

225 379 308 466 ‘Te
335 361 444 432 sibi
458 371 794 431 nmmum-em
772 413 789 444 ,
828 378 1049 444 mque
1029 353 1314 430 comodis
1346 362 1409 422 et
1414 359 1591 423 honori
1627 362 1863 425 sollertius
1886 354 2274 458 prospicientem.
2355 378 2571 445 Longius

231 490 281 536 in
294 463 452 536 liunc
502 457 799 535 latissimum
798 465 901 532 e}
910 464 1302 529 mdlssmum
1333 459 1561 567 campum
1605 457 1851 537 excurrere
1896 487 2022 530 vetat
2069 489 2118 530 et
2161 481 2299 529 Tuus
2342 490 2391 531 et
2421 501 2566 533 meus

229 578 431 660 pudor.
472 590 548 638 Te
577 590 729 650 enim,
765 570 851 638 ἰῑΕ
867 564 1024 634 v*

228 672 515 746 adffitioues
547 702 594 744 et
617 680 886 760 iactatioues
915 663 1121 744 sbti'uere
1153 685 1231 739 ἐξ
1231 671 1484 759 reprimere
1519 667 1660 754 soles,
1672 691 1831 742 etiam
1861 689 1996 743 veras
2029 692 2115 744 bas
2139 702 2186 745 et
2220 697 2426 747 sinceras
2462 696 2562 745 lau-

229 790 312 852 des
348 796 692 889 afipernantem.
757 788 915 856 ‘Mihi
931 795 1101 846 autem
1116 768 1215 845 Te
1221 791 1414 845 laudare
1448 787 1596 862 paene
1626 798 1950 847 immodestum
1985 807 2031 848 et
2074 800 2438 849 inverecundum
2470 809 2559 858 est,

1057 565 1202 644 fni,
1208 577 1374 632 videor
1396 563 1511 630 milii
1539 578 1807 650 conspicere
1839 584 1921 635 illo
1956 580 2235 653 supercilio,
2277 606 2374 655 qno
2405 591 2565 639 inanes

228 892 427 993 maxime
448 921 556 954 cum
582 905 809 973 malignas
828 892 966 972 vulgi
988 904 1392 969 interpretationes
1424 911 1607 969 reputo,
1642 906 1724 971 qui
1750 906 1897 972 magis
1925 904 1985 951 ad
2012 923 2083 968 ea,
2121 924 2241 972 quae
2267 908 2561 1000 omittuntur,

227 1029 366 1092 quam
400 1029 520 1077 quae
551 1010 798 1073 dicuntur,
844 1010 1050 1059 animum
1076 1004 1312 1080 attendere
1346 986 1481 1062 solet.
1551 1008 1632 1060 Ac
1663 1010 1795 1061 fuere
1827 1004 1938 1061 sane
1971 1010 2234 1061 laudatores
2247 1046 2264 1073 ‚
2313 1012 2395 1078 qui
2429 1028 2562 1077 prae·

148 1143 162 1154 ι
224 1120 505 1167 varicatione
550 1117 750 1183 quadam
784 1089 956 1162 laudes
999 1090 1152 1181 magis
1194 1108 1427 1164 minuere·
1431 1133 1587 1199 quam
1630 1097 1856 1164 exornare
1902 1114 2169 1163 studerent:
2233 1133 2328 1180 quo
2376 1114 2457 1174 fit,
2510 1125 2564 1162 nt

222 1223 314 1272 hoc
361 1229 509 1272 totum
563 1219 855 1287 publicarum
897 1202 1088 1269 laudum
1135 1237 1327 1287 genus
1341 1221 1434 1277 iam
1479 1220 1560 1269 δίιι
1605 1178 1982 1287 prudentioribus
2038 1219 2241 1268 sordeat.
2360 1220 2562 1268 Verum·

221 1333 373 1375 tamen
387 1350 424 1388 ,-
450 1326 577 1392 quod
611 1325 831 1393 Georgia*
847 1302 1088 1392 Augusta
1113 1303 1188 1376 Te
1221 1341 1350 1375 nunc
1390 1325 1481 1375 hac
1531 1324 1720 1391 publica
1764 1325 2081 1393 gratulatione*
2101 1325 2298 1387 salutat,
2346 1323 2395 1372 id
2424 1324 2564 1373 etiam

219 1449 275 1480 eo
308 1431 515 1498 spectat,
569 1441 622 1480 ut
666 1451 716 1480 se
749 1449 861 1480 suae
890 1410 1038 1497 ipsam
1073 1406 1313 1498 dignitatis
1351 1449 1446 1479 non
1486 1432 1804 1487 immemorem
1845 1449 1975 1493 esse,
2028 1447 2182 1496 neque
2215 1428 2372 1495 illam,
2421 1445 2563 1494 quam

219 1554 345 1588 nunc
380 1537 515 1588 multi
546 1537 825 1606 Germaniae
858 1523 1240 1587 universitatibus
1274 1537 1452 1603 eripere
1486 1534 1709 1604 cupiunt,
1747 1554 2024 1605 magnorum
2059 1536 2117 1586 de
2150 1552 2322 1604 genere
2354 1535 2560 1584 humano

219 1643 488 1691 meritorum
523 1643 878 1703 conscientiam,
919 1641 1236 1706 deposituram
1261 1659 1313 1690 se
1344 1612 1550 1707 unquam
1579 1660 1680 1691 esse
1707 1641 1957 1708 significet.
2029 1642 2168 1703 Quae
2200 1641 2481 1692 conscientia
2510 1648 2564 1690 ut

218 1749 267 1794 in
289 1747 559 1811 pectoribus
592 1748 763 1796 nostris
783 1747 994 1810 firmetur
1027 1753 1074 1794 et
1103 1745 1163 1793 ab
1195 1745 1286 1794 alia
1306 1746 1368 1794 ad
1394 1747 1530 1811 aliam
1550 1714 2043 1802 aetatem-transmissa
2062 1765 2212 1791 novas
2232 1763 2420 1808 semper
2440 1746 2566 1791 vires

218 1849 457 1913 acquirat,
506 1851 547 1895 is
581 1848 694 1895 mihi
729 1850 912 1891 videtur
943 1849 1127 1908 stactus
1161 1850 1464 1912 essenorum
1498 1842 1809 1908 similiumque
1837 1844 2100 1895 solennium
2133 1845 2273 1913 longe
2306 1847 2559 1897 saluberri-

211 1968 334 1999 mus.
417 1950 583 2015 Neque
619 1955 803 1997 nostrae
844 1945 1141 2013 gratulationi
1173 1945 1349 2010 aliquid
1383 1922 1580 1994 fervoris
1615 1964 1672 1995 eo
1700 1947 1961 1996 detractum
1994 1959 2156 2014 putes,
2203 1951 2331 2016 quod
2362 1952 2451 1998 viri
2484 1952 2559 2000 Te

209 2056 436 2115 seniores,
461 2049 667 2117 Tibique
688 2050 923 2116 aequales,
955 2050 1171 2100 iuvenilis
1192 2050 1326 2099 Tuae
1350 2057 1399 2099 et
1422 2050 1570 2100 virilis
1589 2053 1753 2100 aetatis
1776 2070 1969 2118 operum
1992 2061 2154 2118 testes,
2189 2057 2400 2122 plerique
2421 2057 2559 2107 nobis

210 2161 356 2227 erepti
386 2166 513 2221 sunt,
544 2164 591 2206 et
619 2172 701 2223 per
736 2154 926 2205 ultimos
959 2155 1225 2223 quindecim
1260 2173 1408 2206 annos
1442 2159 1552 2207 novi
1585 2158 1720 2207 multi
1754 2158 1983 2222 homines,
2022 2177 2081 2209 ex
2115 2161 2382 2230 longinquis
2418 2166 2555 2213 terris

182 2268 190 2276 '
210 2284 305 2314 non
328 2265 467 2330 pauci
490 2263 644 2329 acciti,
681 2262 730 2308 in
749 2238 934 2316 ordines
953 2241 1179 2309 mortibus
1196 2261 1373 2311 laxatos
1388 2266 1713 2313 successimus.
1770 2266 2000 2316 Homines
2020 2268 2185 2315 mutati
2201 2276 2326 2329 sunt,
2349 2271 2554 2329 animus,

210 2386 306 2437 quo
332 2370 652 2424 universitates
684 2370 809 2414 sicut
841 2367 1049 2415 civitates
1082 2368 1247 2415 vivunt
1277 2376 1323 2416 et
1355 2368 1537 2431 florent,
1577 2387 1743 2435 speroy
1769 2389 1865 2420 non
1900 2372 2170 2420 mutabitur.
2242 2374 2401 2420 Durat
2432 2374 2557 2420 inter

211 2482 307 2531 nosj
338 2472 600 2540 religiosior
644 2446 871 2536 quaedam
905 2489 1147 2520 munerum
1186 2489 1214 2520 a
1248 2471 1381 2522 nobis
1422 2479 1744 2539 susceptorum
1786 2474 2079 2539 observatio,
2129 2494 2223 2544 qua
2256 2476 2381 2526 lianc
2416 2475 2554 2526 scho-

209 2583 305 2631 lam
338 2579 564 2629 excellere
599 2578 761 2625 dicunt
793 2578 875 2643 qui
902 2577 1060 2643 plures
1096 2578 1343 2640 viderunt,
1391 2577 1703 2643 reipublicae,
1746 2597 1866 2647 quae
1899 2598 1987 2628 nos
2021 2581 2253 2630 indefessa
2299 2566 2427 2652 cura*
2447 2600 2548 2630 sus·

210 2687 328 2736 tinet
355 2692 402 2736 et
435 2684 591 2745 fovet,
650 2684 815 2731 caritas
860 2699 887 2731 a
926 2681 1100 2732 saeculi
1145 2682 1342 2733 levitate
1355 2723 1357 2726 Α
1371 2682 1518 2733 aliena
1530 2717 1549 2745 ,
1600 2684 1747 2749 pietas
1785 2682 1986 2750 denique
2029 2692 2075 2734 et
2118 2687 2375 2735 reverentia
2389 2719 2405 2748 ,
2463 2703 2557 2752 qua

212 2798 337 2843 viros
369 2794 428 2840 dc
468 2791 609 2837 rebus
644 2790 817 2836 nostris
851 2787 971 2835 bene
1000 2760 1188 2836 meritos
1218 2790 1370 2850 colere
1409 2798 1455 2836 et
1487 2792 1725 2855 suspicere
1759 2793 2105 2838 consuevimus.
2193 2791 2306 2838 Hac
2341 2793 2557 2839 Tuorum

213 2907 261 2952 et
308 2895 571 2964 aequalium
619 2902 665 2945 et
714 2895 948 2944 iuniorum
997 2881 1091 2944 fide
1136 2901 1184 2945 et
1204 2924 1207 2927 -
1228 2893 1523 2945 observantia
1581 2903 1634 2946 ut
1683 2895 1852 2946 multos
1896 2913 2043 2945 annos
2088 2896 2237 2945 laetus
2292 2903 2340 2945 et
2387 2895 2556 2943 lubens

213 2992 413 3069 fruaris,
461 3003 757 3051 dilectissime
792 2984 1384 3063 fflTSCHEfflCHI,
1429 3021 1538 3052 cum
1575 3002 1769 3070 collegis
1810 3011 1857 3053 et
1898 3001 2144 3053 iuvenibus
2184 3011 2371 3054 nostrae
2413 3000 2556 3051 disci-

213 3088 369 3179 plinae
408 3108 638 3163 mandatis
669 3109 930 3163 communia
965 3108 1164 3161 facimus
1192 3115 1317 3162 vota.

1012 3210 1749 3240 -....·-....-.-.......-....
